2768 3497
1274 204 1343 247 Vl(

170 326 225 361 1212}
257 317 911 375 -24ffl1ffirapu-eteacutaview
933 332 962 351 »ἱ
1054 338 1071 347 ·-
1094 316 1099 342 ²
1119 331 1185 363 2·-
1239 332 1266 349 ‚.-.
1288 315 1293 326 ’
1315 356 1319 361 .
1506 345 1508 348 -
1533 319 1916 363 Δ’ἸῚιιιιιῐιιιιιιιιιιιιιιιεῑ
1934 317 2136 362 Pliaethon
2159 325 2295 362 auam

239 397 410 442 Asu-‚51
417 397 640 442 damnant,
646 390 741 446 lige·
748 397 795 434 te
817 393 1041 446 noallac
1081 409 1083 411 ·
1129 414 1132 418 Δ
1230 414 1233 424 2
1377 420 1380 423 -
1488 391 1508 408 ·'
1550 391 1972 445 §ponet-exemptum
1993 394 2404 446 ganemu-aebemus

200 487 269 500 ======
278 470 445 565 'lutecia
451 466 598 516 ueloci,-
606 463 691 508 lissi
717 468 854 508 liei-ile
864 468 1028 557 mauis
1133 476 1137 494 ³
1171 488 1175 497 ·
1418 492 1423 498 ·
1451 477 1468 498 ν
1492 464 2349 520 ³2-Pegasuniterrenam'cqaitem--maau1s

192 546 208 564 ·»
277 544 298 580 ·.
443 537 666 595 “cai-pec
686 548 865 594 pensum
1099 556 1102 560 ⁴
1188 549 1192 571 ³
1227 557 1236 563 ,.
1442 550 1443 553 ¹
1482 538 1497 545 ”
1563 551 1567 555 ·
1656 542 1657 545 ’
1706 542 2094 593 .‹Be11emph0ntem·‚·
2128 553 2131 555 ·
2169 560 2182 579 a
2273 538 2301 569 ’-

299 572 443 668 Regius
468 617 631 668 sanguis
642 571 918 667 dominaeque
922 559 1071 656 tradi
1120 636 1121 639 =
1329 629 1332 632 ⁴
1491 643 1493 646 ι
1531 622 1535 625 ·
1558 614 1720 666 Semper
1746 618 1791 655 ut
1816 619 1870 655 te
1882 615 2005 667 digna
2016 622 2182 667 sequare
2207 618 2249 655 et
2273 615 2372 655 ultra

298 691 487 732 Barbarae
512 690 654 741 pellex.
713 689 857 730 Aderat
883 690 1066 767 querenti
1091 710 1153 751 —,
1438 740 1442 745 μ
1549 687 1689 741 Quam
1703 689 1798 747 licet
1819 699 1974 740 sperare
1998 690 2103 731 nefas
2132 688 2304 742 putando

1537 748 1751 832 ,Ηιεριιιβιιι
1776 764 1890 802 uites.
1950 765 2034 814 Age
2058 765 2134 803 iam
2160 772 2336 803 meorum
2367 782 2429 797 —-

308 877 518 927 Perruptos
545 876 663 926 igitur
688 875 880 927 strophae
894 840 1098 925 cancellos
1094 838 1320 927 apparet„-
1340 873 1438 916 Sed
1456 875 1675 927 diligentius
1707 876 1939 924 uidendum,
1976 863 2054 927 quo
2088 877 2203 917 modo
2238 877 2315 917 sint
2340 886 2429 926 per·

171 952 283 1002 rupti
335 951 473 989 Tribus
501 950 594 989 locis
621 950 694 996 uiS,
722 961 837 1000 quam
862 950 1001 1000 prioris
1028 950 1211 1000 strophae
1238 950 1445 989 sententia
1465 950 1574 997 facit,
1608 951 1702 990 duas
1732 951 1796 991 uel
1831 953 1910 990 tres
1946 950 2108 1001 syllabas
2144 951 2256 1000 primi
2288 960 2427 990 uersus

172 1025 342 1074 occupat,
370 1025 507 1073 quarto
534 1023 620 1063 loco
648 1023 867 1062 extenditur
893 1024 943 1062 ad
968 1034 1166 1063 caesuram
1201 1023 1313 1063 huius
1347 1033 1505 1072 uersus,
1541 1024 1672 1073 quinto
1707 1026 1747 1062 et
1779 1026 1890 1082 sexto
1924 1023 2011 1063 loco
2045 1022 2297 1073 apprehendit
2327 1022 2434 1061 adeo

170 1098 322 1149 praeter
348 1095 516 1148 primum
544 1106 702 1135 uersum
728 1098 807 1135 tres
833 1096 994 1160 syllabas
1018 1081 1177 1137 'alterius
1203 1088 1359 1144 u'ersus,
1385 1070 1571 1148 septimo
1584 1093 1805 1136 extenditur
1830 1095 1879 1136 ad
1906 1106 2106 1137 caesuram
2140 1095 2252 1136 huius
2277 1105 2426 1142 uersus,

170 1173 307 1211 octauo
336 1170 502 1220 denique
528 1169 635 1216 loco,
661 1171 787 1219 primo
814 1172 854 1209 et
879 1157 1002 1210 altero
1025 1169 1143 1210 ue'rsu
1168 1155 1408 1221 expugnato,
1435 1163 1484 1210 ad
1510 1173 1709 1222 caesuram
1733 1172 1837 1211 tertii
1865 1181 2001 1210 uersus
2028 1171 2251 1221 porrigitur.
2303 1170 2426 1219 Impe-

167 1245 309 1285 riosam
336 1254 421 1283 csse
447 1243 675 1283 sententiam
703 1243 788 1293 quis
815 1245 893 1290 est,
921 1228 1017 1294 quin
1039 1230 1292 1307 confiteatur?
1344 1242 1488 1285 Contra
1515 1244 1561 1284 ea
1586 1243 1884 1295 intellegendum
1912 1247 1982 1291 est,
2006 1256 2087 1284 non
2112 1245 2165 1283 ita
2192 1255 2277 1284 esse
2303 1244 2425 1293 impe·

166 1318 326 1362 riosam,
353 1319 398 1355 ut
423 1316 463 1354 ui
489 1326 556 1355 sua
583 1316 773 1355 abutatur.
828 1315 932 1365 Quid
958 1304 1089 1356 enim?
1142 1314 1182 1357 Si
1208 1320 1288 1357 non
1313 1320 1463 1368 partem
1488 1319 1604 1369 primi
1630 1328 1767 1357 uersus
1792 1318 1989 1368 arriperet,
2016 1317 2085 1357 sed
2103 1319 2229 1356 totum
2247 1317 2425 1367 primum,

168 1391 328 1429 alteram
353 1390 550 1439 stropham
576 1390 794 1439 integritate
820 1401 888 1428 sua
914 1391 1101 1439 priuaret,
1121 1391 1169 1430 si
1193 1402 1273 1430 non
1299 1394 1450 1439 partem
1482 1391 1658 1436 alterius,
1693 1391 1768 1429 sed
1789 1392 1933 1435 totum,
1969 1390 2187 1429 diffinderet
2212 1389 2420 1438 stropham,

168 1465 200 1505 si
225 1474 304 1504 non
341 1465 490 1513 partem
526 1463 649 1510 tertii,
683 1462 752 1503 sed
785 1465 911 1503 totum
943 1464 1119 1510 tertium,
1159 1464 1369 1514 stropham.
1389 1464 1549 1504 alteram
1580 1463 1799 1503 deuoraret.
1862 1463 1957 1503 Tam
1985 1463 2182 1512 tyrannice
2215 1462 2345 1502 nescio
2377 1473 2426 1501 an

167 1536 305 1589 prioris
341 1535 523 1586 strophae
556 1536 745 1575 sententia
779 1546 970 1587 nusquam
1002 1537 1142 1587 egerit,
1176 1546 1396 1588 quanquam
1411 1535 1576 1586 *silentio
1610 1546 1693 1577 non
1721 1545 1913 1587 premam,
1948 1535 2045 1576 duos
2082 1546 2167 1576 esse
2203 1545 2351 1582 uersuS,
2384 1534 2425 1575 in

168 1611 305 1661 quibus
332 1609 372 1649 id
397 1609 552 1649 sceleris
577 1610 814 1648 commisisse
841 1609 1040 1656 uideatur,
1054 1610 1163 1650 libri
1175 1611 1235 1650 ΙΙΙ
1261 1622 1294 1650 c.
1320 1610 1377 1650 XI
1401 1622 1445 1650 u
1458 1610 1525 1651 29
1549 1613 1589 1650 et
1614 1610 1700 1661 libri
1726 1610 1796 1650 llll
1821 1621 1853 1649 c.
1879 1610 1931 1649 Vl
1957 1621 1996 1649 ιι.
2022 1609 2085 1657 30,
2103 1620 2239 1649 uerum
2258 1611 2423 1658 utroque

167 1684 253 1723 loco
281 1683 420 1722 iniuria
447 1682 601 1732 grauius
628 1683 922 1733 interpungitur.
978 1682 1055 1722 Sed
1081 1686 1125 1723 ut
1150 1683 1285 1723 decem
1310 1685 1563 1723 numerentur
1588 1683 1681 1729 loci,
1714 1683 1754 1722 ιιι
1780 1683 1918 1732 quibus
1945 1683 2132 1721 sententia
2158 1682 2296 1731 prioris
2321 1684 2422 1720 stro·

168 1756 268 1806 phae
301 1754 509 1804 proximos
534 1754 617 1803 agri
643 1754 838 1794 terminos'
872 1738 1086 1802 reuellerit‚
1115 1758 1255 1806 quanta
1277 1755 1372 1795 haec
1397 1753 1587 1806 paucitas!
1640 1740 1828 1804 Strophae
1853 1754 2055 1804 sapphicae
2088 1754 2189 1804 apud
2215 1754 2420 1793 Horatium

168 1830 257 1867 sunt
296 1825 534 1872 CLXXXX,
574 1826 751 1866 binarum
790 1827 907 1877 igitur
947 1815 1190 1887 stropharum
1228 1828 1452 1878 complexus
1489 1826 1730 1884 Lxxxxv,
1772 1827 1811 1866 ιιι
1854 1828 1991 1877 quibus
2045 1828 2183 1877 prioris
2240 1826 2423 1878 strophae

168 1901 367 1946 sententia,
393 1900 425 1938 si
452 1899 571 1938 semel
592 1899 751 1938 alteram
775 1899 973 1949 stropham
990 1911 1059 1939 sua
1078 1901 1296 1968 integritate
1321 1901 1522 1950 priuasset,
1541 1880 1660 1939 semel
1679 1899 1782 1938 adeo
1802 1899 2013 1946 diffidisset,
2040 1900 2134 1950 quid
2152 1900 2227 1939 hoc
2244 1900 2294 1939 ad
2310 1901 2422 1940 rem?

306 2025 388 2063 Iam
412 2035 460 2063 eo
485 2034 688 2074 progressa
715 2026 774 2063 est
800 2024 1006 2074 disputatio
1032 2028 1183 2072 nostra,
1209 2029 1252 2064 ut
1278 2026 1408 2075 paucis
1434 2025 1546 2063 liceat
1571 2025 1805 2063 constituere
1838 2035 2007 2086 summas
2033 2025 2139 2075 leges
2167 2036 2262 2075 quas
2299 2025 2422 2064 Hora·

168 2096 244 2162 tius
269 2097 310 2136 ιιι
336 2095 503 2178 strophis
529 2093 717 2147 sapphicis
744 2095 953 2147 pangendis
979 2086 1133 2138 secutus
1160 2098 1230 2138 est.
1283 2096 1381 2166 Sunt
1405 2094 1535 2137 autem
1561 2096 1655 2136 hae.

307 2211 517 2253 Ριιιιιιιιιι
549 2211 718 2261 stropha
741 2213 801 2251 est
834 2220 972 2264 corpus
1007 2212 1208 2253 metricum
1243 2214 1426 2261 quattuor
1458 2212 1677 2251 absolutum
1709 2212 1886 2251 uersibus
1919 2222 2046 2261 eoque
2080 2213 2241 2252 consilio
2267 2212 2418 2257 sacuam,

170 2287 213 2325 ut
238 2296 378 2337 corpus
403 2284 588 2336 logicum,
614 2286 640 2325 i.
667 2296 702 2325 e.
738 2286 968 2327 sententiam
993 2286 1182 2337 integram
1216 2297 1296 2327 uno
1326 2286 1390 2326 uel
1425 2285 1684 2336 compluribus
1718 2285 1901 2326 membris
1938 2287 2194 2334 enuntiatam,
2228 2287 2350 2336 capiat
2379 2289 2419 2326 et

170 2359 276 2406 quasi
301 2358 456 2401 ambiat.

308 2473 477 2534 Altero
517 2472 623 2512 loco
657 2484 745 2518 cum
776 2472 957 2533 strophae
992 2472 1200 2521 elementa,
1235 2474 1261 2513 i.
1295 2485 1329 2513 e.
1362 2485 1499 2515 uersus
1530 2476 1570 2514 et
1601 2473 1737 2520 uerba,
1775 2474 1911 2515 intimo
1944 2474 2098 2514 uinculo
2137 2474 2418 2520 contineantur,

170 2530 298 2601 tamen
327 2537 407 2586 nec
420 2544 586 2597 singula
620 2545 815 2586 enuntiata
842 2543 1006 2598 'singulis
1033 2544 1207 2586 uersibus
1234 2537 1504 2609 terminantur,
1538 2558 1610 2589 nec
1641 2547 1740 2587 duae
1772 2549 1839 2587 aut
1868 2547 1997 2599 plures
2027 2546 2238 2587 sententiae
2272 2557 2343 2599 per
2377 2558 2420 2588 se

172 2603 386 2659 constantes
410 2631 490 2681 una
516 2609 673 2688 stropha
697 2614 951 2690 implicantur

309 2732 477 2773 Tametsi
510 2735 555 2774 fit
589 2735 741 2785 saepius
766 2757 819 2764 -
844 2735 884 2775 id
922 2736 1025 2775 enim
1057 2736 1256 2775 tertium
1289 2738 1350 2776 est
1382 2758 1442 2784 -—,
1479 2739 1524 2776 ut
1554 2738 1763 2783 sententia,
1789 2735 1895 2785 quod
1923 2744 2000 2774 una
2027 2735 2186 2785 stropha
2213 2736 2339 2786 impar
2362 2739 2420 2775 est

170 2802 477 2846 totiaensentiae
502 2806 730 2859 capiendae,
756 2806 797 2849 in
819 2807 1038 2861 proximam
1063 2809 1261 2861 stropham
1286 2810 1459 2859 inuadat,
1488 2805 1713 2862 plerumque
1734 2810 1785 2848 ita
1809 2809 1871 2855 fit,
1903 2810 1948 2847 ut
1981 2809 2171 2848 sententia
2197 2808 2419 2859 'proximam

170 2875 365 2925 stropham
390 2883 553 2931 occupet
577 2884 700 2922 totam
725 2882 788 2922 uel
814 2882 966 2922 tertiam
993 2883 1119 2922 etiam*
1135 2879 1359 2933 quartamue
1383 2885 1652 2934 amplectatur,
1677 2890 1765 2921 raro
1793 2877 1864 2929 ita,
1901 2884 1947 2921 ut
1970 2880 2119 2933 partiam
2144 2879 2258 2933 primi
2283 2892 2419 2923 uersus

169 2947 382 2995 proximae
395 2953 575 3003 strophae
601 2957 764 3005 occupet
786 2957 855 2996 aut
878 2965 966 2995 cum
991 2955 1117 3005 primo
1140 2965 1260 2995 uersu
1281 2957 1432 3006 partem
1457 2954 1614 2996 secundi
1637 2956 1704 2995 aut
1729 2964 1819 2995 cum
1845 2955 1973 3007 primo
1999 2958 2041 2996 et
2068 2956 2241 2996 secundo
2267 2958 2416 3007 partem

170 3018 283 3059 adeo
292 3021 396 3062 minii
420 3028 571 3074 uersus,
597 3031 786 3077 nusquam
811 3029 872 3074 tit,
910 3030 954 3068 ut
978 3028 1147 3078 primum
1174 3039 1341 3068 uersum
1364 3031 1508 3069 totum
1520 3030 1583 3100 uel
1618 3031 1785 3099 primum
1814 3031 1854 3070 et
1878 3030 2088 3071 secundum
2115 3033 2217 3071 totos
2242 3030 2325 3070 uei
2336 3030 2417 3080 pri·

170 3090 302 3140 mun,
308 3095 524 3138 secudum
544 3100 792 3150 tertiumque
810 3102 914 3140 totos
939 3099 1033 3145 suae
1058 3101 1197 3142 dicioni
1223 3100 1437 3152 subiungat.
1494 3125 1498 3130 ·
