2768 3497
1261 205 1316 246 XI

785 322 845 362 Tu
871 321 1034 362 secanda
1059 332 1254 362 marmora

787 394 909 449 Locas
936 395 1008 435 sub
1031 395 1158 446 ipsum
1183 394 1298 436 funus
1324 396 1365 434 et
1390 394 1554 446 sepulcri

787 468 996 509 Immemor
1021 469 1136 509 struis
1163 468 1300 509 domos

785 540 980 593 narisque
1004 541 1107 582 Baiis
1133 541 1390 594 obstrepentis
1416 551 1531 591 urges

785 646 1041 687 summouere
1066 647 1194 688 littora

784 719 927 760 Parum
953 720 1124 771 locuples
1151 722 1372 762 continente
1396 720 1494 770 ripa.

165 828 336 868 Primmn
361 825 616 876 cogitatorum
642 824 777 863 orbem
801 836 825 864 e
849 826 1030 875 quattuor
1057 825 1229 875 partibus
1256 823 1469 882 secundum
1494 823 1745 863 distichorum
1771 822 1949 863 ordinem
1973 822 2155 863 dimensis
2176 826 2418 864 constantem

166 899 283 949 uides!
307 907 377 948 per
410 897 574 946 primam
612 895 848 946 alteramque
879 895 1078 947 stropham
1112 895 1287 943 extendi,
1323 895 1488 935 alterum
1521 895 1595 935 iam
1629 895 1670 934 in
1703 893 1830 934 media
1871 894 2029 946 stropha
2062 897 2196 945 quarta
2226 896 2416 936 insistoee.

164 971 319 1011 tertium
346 968 466 1008 altera
491 971 600 1018 parte
627 968 800 1008 eiusdem
826 968 1009 1018 strophae
1027 969 1228 1015 contineri,
1254 970 1436 1018 quar-mm
1453 978 1585 1007 rursus
1603 966 1653 1006 ad
1669 967 1837 1007 mediam
1854 967 2053 1018 stropham
2071 969 2219 1007 sextam
2238 967 2417 1018 proten-i.

302 1072 379 1113 Sed
407 1073 496 1122 quia
522 1073 689 1121 tempori
715 1075 756 1111 et
785 1072 939 1111 chartae
972 1072 1207 1122 parcendum
1244 1075 1305 1112 est
1333 1083 1407 1112 nec
1438 1072 1548 1122 plura
1581 1072 1780 1122 utriusque
1812 1072 1966 1123 generis
1998 1072 2168 1111 carmina
2198 1071 2417 1122 singillatim

163 1146 339 1197 persequi
367 1145 467 1191 licet,
492 1144 711 1184 testandum
738 1144 874 1183 saltem
901 1146 982 1191 est,
1010 1144 1095 1190 illa,
1122 1156 1221 1194 quae
1250 1145 1451 1195 posuimus
1477 1138 1645 1194 exempli
1671 1155 1823 1191 caussa,
1849 1155 1929 1184 non
1955 1143 2094 1195 cupide
2120 1144 2292 1194 quaesita
2317 1154 2417 1189 esse,

166 1219 234 1260 sed
261 1218 310 1259 de
336 1217 464 1259 medio
491 1219 657 1268 sumpta.

306 1322 411 1372 Quid
443 1322 559 1374 igitur
595 1324 674 1368 est,
707 1322 812 1372 quod
844 1321 1086 1362 Meinekiana
1118 1323 1270 1363 ratione
1305 1322 1521 1363 examinata
1548 1325 1588 1362 et
1618 1323 1829 1373 ponderata
1860 1333 1931 1362 nos
1971 1324 2192 1373 repperisse
2223 1323 2417 1363 dicamus?

165 1396 312 1446 Nempe
355 1395 459 1445 quod
496 1394 710 1434 Meinekius
751 1396 908 1433 conatus
944 1396 1003 1433 est
1037 1393 1238 1434 Horatium
1281 1394 1407 1435 forma
1440 1394 1653 1434 carminum
1688 1394 1918 1445 perfectiore
1953 1394 2118 1441 donare,
2152 1394 2272 1435 multa
2304 1394 2417 1436 laude

167 1468 324 1518 dignum
352 1478 572 1512 censemus,
605 1478 741 1505 uerum
773 1467 877 1516 quod
911 1466 1007 1505 haec
1033 1466 1158 1506 forma
1188 1470 1339 1507 tantum
1369 1467 1480 1507 abest
1514 1469 1557 1506 ut
1590 1468 1743 1517 elegans
1765 1468 1815 1506 sit
1845 1468 1937 1506 artis
1963 1467 2131 1517 species,
2157 1471 2201 1507 ut
2224 1467 2319 1508 nihil
2345 1469 2417 1508 nisi

166 1540 257 1580 falsa
282 1540 332 1580 sit
357 1551 402 1580 ac
429 1538 670 1579 fraudulenta
695 1539 786 1578 artis
814 1539 961 1589 imago,
994 1549 1093 1588 quae
1119 1539 1317 1590 stropham
1341 1540 1534 1586 imitatur,
1570 1551 1658 1580 cum
1684 1540 1731 1579 iis
1756 1540 1890 1586 rebus,
1931 1550 2030 1590 quae
2056 1539 2238 1591 strophae
2263 1541 2345 1580 uim
2370 1551 2417 1579 ac

165 1615 341 1653 naturam
366 1612 558 1659 efficiunt,
593 1622 751 1662 prorsus
785 1610 966 1652 destituta
999 1612 1065 1652 sit:
1093 1622 1179 1652 mea
1205 1611 1361 1662 quidem
1394 1613 1582 1653 sententia
1609 1613 1787 1653 iniuriam
1820 1624 2010 1653 summam
2035 1612 2125 1653 feeit
2150 1616 2289 1664 poetae
2313 1616 2353 1653 et
2380 1613 2416 1652 ei

166 1685 322 1734 quidem
349 1688 499 1736 poetae,
528 1685 592 1735 qui
621 1685 671 1724 de
696 1696 739 1724 se
765 1684 902 1734 suique
929 1684 1116 1724 similibus
1144 1684 1350 1734 profitetur
1377 1683 1453 1724 hoc

1284 1788 1317 1828 si
1343 1787 1461 1828 modo
1486 1798 1560 1839 ego
1586 1790 1626 1827 et
1651 1799 1722 1827 uos

793 1860 941 1902 Scimus
967 1862 1197 1902 inurbanum
1222 1860 1351 1911 lepido
1379 1871 1566 1912 seponere
1593 1860 1695 1901 dieto

799 1935 1106 1985 Legitimumque
1131 1944 1271 1974 sonum
1295 1934 1415 1984 digito
1442 1933 1624 1973 callemus
1650 1936 1691 1973 et
1716 1944 1821 1973 aure.
1845 1954 1894 1962 ——
