2768 3497
610 327 612 329 .
662 324 665 327 Δ
754 317 761 328 1
823 292 935 327 minzi}
978 294 1084 335 ..³¹:⁴³3
1123 300 1217 333 '¹¹2³i1>
1266 287 1380 320 .ῑἰιὶῑ··
1437 285 1577 321 austri-²
1612 295 1680 318 ’ψ’
1727 296 1744 316 -·
1824 295 1875 317 ’κί
1918 293 1969 316 Ρ)
2157 308 2159 310 »
2198 286 2258 308 ’·“”

395 371 531 413 'nstv-23
592 366 711 400 ιμ-(ιζῑις
873 363 954 396 ἔξιτ’»
997 372 1063 393 man:
1110 361 1113 377 ²
1152 371 1169 391 f·
1219 359 1554 404 ,ηιιιιςςημ-’ὦπςςμιυ
1594 383 1596 386 .
1634 385 1649 388 ,,
1708 371 1712 376 ·

281 541 1525 706 COMMENTARIOLVM
1522 552 2479 696 HORATIANVM

1114 788 1561 873 scnffsu

739 925 1354 1033 RvnssLFvS
1363 922 1918 1030 HANOVWS

926 1134 969 1162 1¹⁴7

212 1129 344 1196 Leuis
377 1151 491 1196 'sane
488 1139 572 1196 res
602 1158 681 1203 est
715 1151 764 1195 de
798 1148 874 1215 (ιιιιι
893 1146 1047 1205 paucis
1071 1133 1344 1226 commentari
1352 1155 1600 1220 aggredior,
1613 1160 1687 1194 nec
1712 1165 1806 1194 uero
1841 1147 2057 1205 mag1str1s
2074 1153 2231 1222 ΙΙ(ιιιιιιιιε
2257 1154 2403 1196 Horatii
2429 1156 2470 1197 in

213 1224 362 1289 scholis
381 1221 677 1279 interpretandi
685 1227 884 1279 prouincia
910 1208 1087 1276 obuenit,
1107 1218 1200 1269 ιιοιι
1218 1216 1393 1284 molesta
1405 1216 1599 1280 taediique
1624 1228 1750 1279 plena.
1802 1218 1863 1267 Ex
1885 1239 1962 1279 quo
1989 1212 2094 1268 enim
2119 1229 2219 1278 Aug.
2245 1227 2472 1277 Memekius,

212 1309 337 1353 quem
362 1298 538 1342 honoris
554 1284 711 1364 caussa
722 1295 901 1347 nomino,
936 1291 1158 1359 Horatium
1166 1286 1349 1342 Flaccum
1379 1303 1442 1341 ita
1482 1284 1712 1341 adornatum
1757 1300 1893 1347 edidit,
1934 1301 1995 1338 ut
2016 1286 2070 1339 ιιι
2098 1285 2323 1356 Carminum
2365 1301 2470 1342 libris

213 1372 397 1425 quattuor
421 1384 577 1415 carmen
603 1358 706 1415 esset
729 1365 906 1421 nullum,
902 1365 1049 1431 quod
1057 1369 1141 1415 n'on
1163 1363 1463 1439 quaternorum
1464 1367 1649 1415 uersuum
1676 1347 1941 1429 complexibus
1963 1357 2256 1413 contineretur:
2291 1375 2357 1429 qui
2383 1377 2473 1426 post

212 1458 302 1488 eum
316 1450 485 1499 poetam
510 1430 748 1489 venusinum
774 1440 997 1494 ediderunt,
1010 1447 1064 1487 in
1088 1438 1178 1488 bina
1204 1443 1461 1505 discesserunt
1486 1444 1594 1499 quasi
1621 1447 1775 1487 hostilia
1809 1448 1947 1497 castra,
1980 1447 2025 1484 ut
2059 1445 2153 1485 illud
2167 1434 2471 1498 Meinekianmn

212 1515 425 1562 inuentum
440 1523 507 1561 aut
531 1516 692 1572 magnis
705 1516 884 1561 laudibus
906 1510 1087 1561 efferrent
1107 1502 1267 1590 'suisque
1285 1517 1397 1563 libris
1423 1521 1662 1577 adhiberent,
1689 1522 1756 1560 aut
1781 1521 2078 1571 aspernarentur
2104 1522 2144 1558 et
2160 1520 2471 1584 argumentando

213 1597 446 1677 conarentur
477 1592 667 1677 refellere.
684 1588 685 1591 ’
736 1577 882 1673 Quod
884 1589 1083 1633 nonnulla
1118 1583 1305 1678 carmina·
1321 1595 1375 1675 ad
1412 1590 1516 1662 illam
1547 1592 1654 1650 artis
1676 1594 1870 1677 speciem
1868 1592 2050 1661 reuocari
2084 1580 2364 1676 nequiuerunto,
2401 1593 2475 1634 nisi

213 1741 382 1780 carmina
408 1742 449 1779 et
473 1740 521 1780 ab
548 1741 670 1780 aliena
697 1752 814 1780 manu
840 1741 930 1780 satis
956 1741 1098 1780 multos
1125 1754 1259 1782 uersus
1285 1744 1332 1781 ιιι
1345 1742 1493 1782 Horatii
1520 1743 1686 1781 carmina
1713 1726 1798 1780 esse
1816 1717 1997 1779 inuectos
2023 1740 2093 1778 uix
2124 1741 2372 1790 reperiuntur
2404 1737 2470 1791 (ιιιι

212 1823 294 1853 ιιοιι
311 1812 567 1853 confiteantur
590 1813 876 1864 concedantque
894 1814 1070 1864 quamuis
1096 1815 1243 1863 ἰιιιιίι-ι..Ι
1251 1814 1329 1857 .Ne
1343 1816 1440 1856 illud
1463 1816 1617 1866 qmdem
1635 1815 1789 1854 uidetur
1804 1825 1988 1864 magnum
2006 1825 2103 1860 esse,
2132 1815 2236 1863 quod
2254 1814 2466 1855 Meinekius

214 1888 254 1926 et
280 1886 344 1936 qui
370 1896 460 1926 eum
487 1887 607 1927 secuti
634 1887 787 1927 suntab
814 1887 947 1938 epodis
974 1897 1112 1932 manus
1127 1888 1393 1930 abstinuerunt
1410 1890 1449 1929 et
1464 1888 1505 1929 in
1522 1887 1683 1938 epodon
1699 1887 1798 1928 libro
1819 1887 2096 1938 monostropha
2115 1889 2154 1927 et
2171 1887 2364 1938 distropha
2389 1899 2470 1929 car—

214 1961 317 1999 mina
348 1962 485 2009 poetae
516 1961 774 2011 reliquerunt:
806 1961 891 2011 quis
923 1962 1027 2005 enim
1047 1971 1150 2006 zuen,
1168 1962 1296 2004 laudet
1327 1972 1417 2002 eum
1446 1963 1621 2012 poetam,
1664 1961 1731 2011 qui
1764 1959 1813 2000 ab
1848 1959 1997 2011 exiguis
2035 1959 2227 2010 profectus
2266 1961 2382 2001 initiis
2416 1961 2466 2002 ad

214 2035 360 2074 maiora
385 2034 689 2084 perfectioraque
715 2036 936 2073 transierit?
988 2034 1176 2073 Nimirum
1201 2035 1400 2082 Horatius,
1434 2037 1573 2074 natura
1607 2035 1729 2073 factus
1774 2035 1909 2084 poeta,
1945 2034 1976 2071 si
2002 2043 2081 2072 non
2107 2032 2307 2074 Pindarico
2333 2035 2470 2086 spiritu

213 2106 381 2155 afflatus,
415 2109 470 2163 at'
486 2109 602 2159 poeta
632 2108 780 2162 tamen,
819 2110 858 2160 at
886 2107 1008 2153 homo
1028 2108 1365 2160 amantissimus,
1406 2120 1506 2159 quae
1539 2120 1563 2154 a
1597 2111 1734 2149 natura
1767 2109 1966 2157 acceperat
1996 2108 2061 2147 uel
2095 2108 2208 2156 jutus
2246 2110 2467 2148 monstrata'

170 2207 172 2209 »
215 2180 395 2228 consilio,
430 2180 573 2230 studio,
606 2180 739 2236 labore
769 2181 1007 2235 perppliebat
1037 2192 1083 2221 ac
1112 2181 1382 2232 perficiebat.
1407 2181 1606 2232 Quidquid
1640 2182 1757 2231 igitur
1791 2181 1832 2220 in
1857 2182 1949 2221 artis
1973 2182 2123 2220 ratione
2147 2182 2239 2231 poni
2266 2182 2397 2227 debet,
2423 2182 2464 2222 id

216 2232 495 2311 existimandus
518 2255 682 2305 sectatus
709 2264 794 2303 esse
820 2256 935 2306 atque
961 2253 1216 2309 aemulatus.-
1203 2252 1342 2307 ,Quid
1368 2256 1431 2300 est
1451 2256 1601 2302 autem,
1636 2255 1677 2295 in
1704 2266 1786 2306 quo
1818 2255 1921 2306 plus
1938 2255 2021 2305 ipse
2046 2255 2248 2306 glorietur,
2282 2266 2397 2305 quam
2422 2256 2464 2297 in

216 2338 276 2374 eo,
303 2328 409 2378 quod
433 2328 612 2369 Aeolium
638 2339 792 2371 carmen
818 2329 868 2369 ad
892 2329 1016 2375 Italos
1026 2329 1253 2390 deduxerit
1256 2328 1423 2380 modos?
1463 2330 1610 2379 ltaque
1646 2330 1826 2379 equidem
1859 2330 1915 2368 sic
1948 2329 2191 2369 statuendum
2224 2339 2308 2370 esse
2334 2329 2466 2377 uideo,

217 2411 306 2441 cum
338 2401 388 2442 ad
421 2401 622 2443 inuentum
654 2413 905 2467 numerorum
939 2387 1226 2466 computatione
1250 2402 1384 2445 nixum
1410 2404 1681 2453 argumentum
1706 2401 1863 2448 accedat
1889 2403 2117 2449 maximum,
2153 2413 2250 2453 quae
2280 2405 2342 2442 est
2372 2404 2467 2444 artis

216 2474 420 2529 perfectio,
451 2458 735 2531 Meinekianam
769 2457 958 2524 rationem
991 2487 1098 2517 esse:
1095 2477 1391 2529 diguissimam,
1413 2476 1455 2515 in
1481 2487 1557 2526 qua
1581 2476 1835 2519 examinanda
1864 2478 1904 2516 et
1935 2476 2206 2527 perscrutanda
2232 2476 2467 2522 elaboretur.

215 2545 293 2587 Res
317 2548 474 2598 quidem
497 2550 582 2599 ipsa
605 2549 692 2596 fert,
719 2552 763 2589 ut
788 2550 870 2594 ludi
894 2551 1096 2605 magistri,
1105 2550 1307 2612 quoniam
1317 2548 1476 2590 scholae
1501 2549 1718 2599 carceribm
1753 2548 1990 2588 circumclusi
2012 2549 2130 2594 sunt,
2165 2546 2261 2592 deos
2287 2550 2467 2600 proprius

214 2620 404 2670 attingere
428 2622 456 2661 i.
480 2631 518 2660 ε.
542 2622 584 2662 in
609 2622 764 2675 ultimos
790 2624 930 2672 artium
955 2633 1139 2675 recessus
1136 2625 1346 2673 penetrare
1362 2624 1557 2671 nequeant
1573 2606 1849 2670 arbitriumque
1866 2631 2007 2666 rerum,
2024 2630 2190 2670 quarum
2216 2621 2379 2663 difficilis
2405 2626 2467 2663 est

217 2693 402 2742 quaestio,
429 2694 638 2736 maioribus
661 2696 904 2748 permittant,
936 2707 1009 2749 nec
1033 2698 1163 2747 tamen
1188 2694 1429 2743 insolentiae
1439 2695 1584 2737 crimen
1609 2695 1809 2740 subibunt,
1835 2696 1890 2732 si
1903 2694 2059 2742 quidem
2085 2696 2172 2744 ipso
2199 2696 2326 2738 officio
2352 2698 2464 2736 uetiti

216 2771 347 2803 coram
372 2764 567 2816 discipulis
593 2777 707 2818 saepe
732 2778 894 2808 numero
921 2779 1008 2818 ,ιιοιι
1034 2768 1164 2819 liquet’
1191 2768 1333 2815 dicere,
1360 2779 1430 2808 suo
1458 2768 1613 2807 modulo
1632 2779 1676 2807 ac
1693 2767 1792 2817 pede
1820 2777 1861 2806 se
1892 2767 2097 2808 metientes
2124 2780 2192 2809 sua
2211 2769 2376 2819 quadam
2401 2781 2462 2810 ra·

216 2834 322 2874 tione
347 2848 460 2877 suum
485 2839 679 2889 quoddam
704 2840 885 2881 iudicium
910 2842 1122 2883 conficiant.
1176 2841 1305 2890 Quam
1336 2842 1388 2882 ob
1415 2852 1500 2882 rem
1533 2850 1666 2891 spero,
1699 2840 1797 2880 hanc
1830 2839 2002 2881 chartam
2028 2841 2268 2892 professione
2293 2844 2462 2883 muneris

218 2911 439 2950 excusatam
464 2910 560 2952 fore.

358 2990 524 3044 stropha
551 3000 827 3046 quaternorum
844 3010 1030 3040 uersuum
1057 3002 1116 3039 est
1139 3009 1277 3050 corpus
1304 2999 1496 3049 quoddam
1519 2998 1724 3039 metricum
1751 3009 1774 3039 e
1798 3000 1958 3051 sing-ulis
1985 3000 2167 3040 membris
2197 3000 2370 3040 iunctum
2395 3010 2461 3038 eo·

218 3066 295 3114 que
322 3064 481 3107 consilio
506 3068 667 3120 factum,
701 3074 745 3113 ut
770 3083 849 3113 uno
876 3074 985 3124 quasi
1019 3074 1165 3126 impetu
1198 3073 1273 3114 dici
1304 3074 1497 3115 cantariue
1529 3074 1652 3124 possit
1681 3084 1769 3114 cum
1801 3074 2056 3115 delectatione
2087 3073 2334 3114 audientium.
2383 3071 2462 3113 Sed
