2768 3497
1428 211 1469 253 X

314 333 435 372 quae
445 325 622 376 simiis
641 324 811 398 distichis
844 326 1136 374 contineantur,
1178 327 1233 366 ad
1259 327 1467 410 terminum
1498 336 1633 367 suun
1629 327 1893 407 deduoentur.
1965 330 2084 373 Vida‘
2093 332 2173 383 hoc
2201 332 2350 374 initium
2385 331 2493 373 libri
2502 330 2572 373 llll

315 397 511 441 caminis
521 398 616 439 vlit
976 419 979 421 ·
1011 425 1014 428 »
1639 417 1642 421 ’
1711 423 1713 425 -

946 505 1141 555 Diffugere
1166 505 1288 550 niues,
1315 504 1481 543 redeunt
1505 504 1583 543 iam
1609 504 1780 555 gramina
1807 508 1952 558 campis

1134 571 1632 637 Arboribusqaescomaev
1669 605 1671 607 ·
1728 591 1734 603 ²
1766 593 1790 615 2.
1823 594 1842 617 ·'

947 670 1071 711 Mutat
1096 673 1202 711 terra
1224 667 1331 712 uices
1354 651 1398 711 et
1423 668 1684 733 decrescentia
1709 654 1812 724 ripas
1841 662 1845 690 ³

1135 754 1311 795 Flumina
1336 738 1600 826 praetereunt;
1664 771 1667 773 ·

946 835 1076 877 Gratia
1102 848 1190 876 cum
1216 817 1401 888 Nymphis
1428 823 1667 889 geminisque
1692 832 1891 878 sororibus
1917 839 2034 879 audet

1128 901 1292 959 Ducere
1307 906 1413 960 nuda
1440 920 1592 982 choros.
1745 915 1760 920 ”
1820 916 1823 920 ’

947 1001 1180 1043 Immortalia
1206 1013 1257 1042 ne
1283 997 1438 1073 speres,
1456 1001 1590 1042 monet
1610 1008 1737 1070 annus
1762 1004 1803 1042 et
1827 1002 1972 1067 almum

1135 1084 1248 1134 Quae
1273 1085 1373 1135 rapit
1398 1085 1493 1155 hora
1520 1083 1635 1124 diem.
1678 1081 1684 1086 ’
1803 1081 1806 1084 ’

314 1221 399 1262 Hoc
425 1224 630 1271 utrumque
656 1231 842 1271 apparere
867 1222 976 1270 puto,
1003 1223 1044 1259 et
1068 1220 1323 1270 cogitatorum
1345 1219 1504 1260 ordines
1531 1227 1626 1260 cum
1642 1218 2124 1263 distichorumordinibus
2142 1231 2366 1273 congruere,
2393 1226 2432 1263 et
2452 1226 2571 1266 totam

315 1294 556 1341 sententiam,
582 1294 774 1345 inceptam
800 1293 994 1346 prioribus
1022 1293 1170 1334 duobus
1196 1292 1388 1340 distichis.'
1402 1293 1531 1345 media
1547 1293 1709 1336 demum.
1720 1294 1894 1344 >su-0912:
1908 1294 2048 1346 altera,
2075 1306 2190 1344 quam
2207 1295 2421 1337 Meinekius
2449 1300 2571 1347 finxit,

315 1368 364 1407 ad
399 1367 516 1408 finem
550 1366 700 1408 adduci.
755 1367 802 1407 ln
833 1366 954 1407 altero
988 1369 1115 1407 autem
1148 1369 1308 1418 gessere,
1344 1365 1448 1416 quod
1479 1374 1560 1408 non
1583 1367 1788 1419 proprium
1821 1376 1966 1411 nomen
1998 1366 2115 1407 habet
2139 1367 2406 1416 distichorum,
2440 1373 2572 1412 eadem

315 1441 471 1480 uidetur
495 1451 581 1480 esse
606 1441 836 1487 necessitas,
872 1441 961 1480 licet
987 1452 1037 1479 ex
1062 1441 1137 1480 alio
1173 1440 1281 1479 fonte
1310 1439 1532 1487 repetenda.
1579 1440 1739 1482 Etenim
1756 1441 1876 1491 prior,
1904 1450 2060 1486 uersus,
2094 1440 2159 1490 qui
2195 1442 2254 1480 est
2287 1440 2326 1479 in
2360 1444 2571 1503 praeludio,

316 1525 394 1554 ιιοιι
417 1513 583 1558 multum
609 1513 765 1565 spiritus
791 1513 972 1564 postulat,
998 1515 1037 1552 at
1057 1513 1185 1564 tenuis
1212 1512 1481 1552 modulaminis
1508 1512 1587 1552 dux
1613 1517 1673 1554 est
1698 1516 1814 1567 atque
1838 1513 2028 1564 princeps,
2056 1523 2171 1562 quem
2197 1523 2285 1551 cum
2312 1513 2408 1553 alter
2425 1515 2573 1567 longior

315 1587 590 1636 subsequatur,
616 1587 702 1638 plus
728 1586 884 1636 spiritus
911 1570 1171 1630 consumitur,
1198 1590 1313 1634 quam
1342 1584 1474 1636 priore
1501 1595 1618 1645 uersu
1643 1577 1898 1627 monstratum
1925 1588 2031 1632 erat,
2058 1595 2182 1634 eoque
2210 1585 2274 1630 fit,
2301 1586 2345 1623 ut
2378 1586 2417 1624 in
2452 1587 2571 1627 altero

315 1671 432 1699 uersu
458 1662 634 1700 extremo
661 1669 740 1698 uox
765 1656 919 1698 residat.
972 1656 1094 1696 Huius
1128 1665 1283 1707 quoque
1316 1645 1482 1708 generis
1501 1658 1711 1711 gustandae
1743 1660 1833 1700 sunt
1864 1649 2011 1711 paucae
2047 1656 2226 1708 strophae
2261 1657 2522 1700 Meinekianae
2548 1673 2570 1701 e

317 1733 402 1772 libri
431 1733 461 1772 ll
489 1733 699 1772 canninine
724 1731 871 1772 xvln:
1454 1727 1456 1730 ’

942 1852 1030 1893 Νοιι
1056 1852 1152 1892 ebur
1177 1864 1304 1904 neque
1330 1865 1493 1895 aureum

942 1926 1032 1967 Mea
1057 1927 1208 1966 renidet
1233 1926 1274 1966 in
1300 1926 1418 1967 domo
1445 1928 1613 1975 lacunar,

942 2000 1031 2040 Non
1054 2000 1182 2040 trabes
1207 2000 1429 2051 Hymettiae

942 2073 1130 2114 Premunt
1154 2073 1351 2123 columnas
1377 2074 1512 2116 ultima
1537 2075 1681 2115 recisas

942 2199 1085 2245 Africa,
1111 2209 1239 2249 neque
1265 2200 1388 2239 Attali

942 2263 1101 2323 Ignotus
1128 2271 1241 2312 heres
1265 2273 1413 2324 regiam
1439 2272 1638 2323 occupaui,

910 2382 913 2383 γ
942 2339 1024 2386 Nec
1049 2344 1254 2386 Laconicas
1281 2344 1375 2386 mihi

944 2418 1118 2458 Trahunt
1148 2418 1334 2458 honestae
1356 2429 1550 2470 purpuras
1577 2418 1750 2459 clientas.

946 2544 998 2581 At
1023 2541 1119 2582 fides
1145 2544 1186 2582 et
1211 2541 1341 2593 ingeni

946 2613 1115 2664 Benigne
1141 2625 1241 2654 uena
1267 2617 1338 2661 est,
1365 2624 1654 2665 pauperemque
1679 2613 1787 2656 diues

946 2685 1014 2728 Me
1038 2688 1152 2739 petit:
1177 2687 1272 2728 nihil
1298 2698 1414 2740 supra

948 2761 1052 2801 Deos
1078 2761 1224 2801 lacesso
1250 2773 1322 2803 nec
1347 2765 1547 2814 potentem
1573 2763 1736 2804 amicum

947 2886 1132 2938 largiora
1156 2887 1286 2940 flagito

889 2975 891 2978 ¹
948 2960 1048 3001 Satis
1074 2961 1208 3002 beans
1235 2962 1357 3002 unicis
1384 2959 1546 3002 Sabinis.

947 3033 1132 3074 Truditur
1155 3034 1238 3075 dies
1267 3035 1330 3079 ὅθ

952 3106 1164 3158 Nomeque
1188 3110 1356 3160 pergunt
1380 3108 1540 3149 interire
1564 3105 1697 3149 lunaez
