2768 3497
1250 230 1354 272 vnn

177 346 770 407 primitcdrminis2librivprimif
789 347 894 400 quod
919 346 1482 399 etsipoetioisssrlaudibusnon
1508 346 1561 386 ita
1587 345 1751 386 multum
1776 345 1901 393 floret,
1928 343 2037 386 melli
2055 342 2333 394 milit-emper
2357 343 2430 384 fuit

160 424 283 477 quasi
309 423 434 473 primo
461 421 627 471 quodam
654 433 787 461 amore
813 421 1137 461 commendatum.
1189 419 1282 459 Eius
1316 419 1497 469 strophae
1531 418 1797 458 Meinekianae
1834 418 2023 467 secunda,
2058 417 2213 464 tertias!
2226 418 2359 467 (Furta
2391 419 2431 455 et

177 499 308 549 quinta
332 497 422 536 sunt
447 495 539 535 hae:

797 598 923 644 Ilium,
951 599 983 637 si
1006 569 1166 647 proprio
1176 635 1179 638 ,
1191 594 1363 642 condidit
1376 596 1530 639 vhorreo

803 670 1009 734 Quidquid
1016 670 1091 713 de
1087 669 1267 727 Libycis
1274 670 1450 727 uertitur
1468 669 1581 712 areis.

799 742 1043 785 Gaudentem
1069 743 1214 805 patrios
1233 743 1387 802 findere
1413 741 1562 782 sarculo

730 874 733 878 ι
754 874 758 879 ⁸
797 821 932 880 Agros
950 818 1124 858 Attahcis
1151 817 1438 857 condicionibus

797 884 1018 973 Numquam
1033 876 1277 977 demoueas,
1291 924 1334 961 ut
1360 884 1469 962 trabe
1495 920 1635 979 Cypria

788 997 1011 1060 vMyrtoum
1022 998 1201 1059 panidus
1211 1000 1327 1055 nauta
1346 999 1459 1053 secet
1484 1008 1603 1053 mare.

797 1070 1024 1113 Luctantem
1051 1071 1190 1131 Icariis
1196 1045 1393 1140 fiuctibus
1407 1049 1591 1112 Africum

797 1144 993 1186 Mercator
1018 1128 1193 1186 metuens
1215 1129 1340 1186 otium
1362 1124 1405 1185 et
1414 1125 1598 1195 oppidi

722 1258 724 1261 ’
795 1248 961 1290 Laudat
971 1245 1063 1290 'nn-a
1084 1250 1168 1297 sui:
1195 1260 1288 1290 mox
1309 1247 1438 1289 Treficit
1460 1249 1593 1289 rates

802 1320 969 1372 Quassus
993 1321 1175 1363 indocilis
1198 1321 1420 1374 pauperiem
1446 1321 1539 1372 pati.

733 1392 736 1396 ’
791 1396 884 1435 Est
894 1397 974 1445 qui
984 1393 1061 1435 nee
1081 1397 1224 1435 ueteris
1248 1395 1388 1444 pocula·
1412 1394 1572 1433 Massici

776 1476 778 1479 ⁴
798 1469 880 1510 Nec
904 1466 1054 1550 partem
1070 1466 1203 1508 solido
1230 1465 1387 1508 demere
1413 1468 1463 1507 de
1488 1468 1559 1506 die·-

771 1622 785 1643 ⁴.
798 1569 981 1635 Spernit,
985 1562 1098 1645 nunc
1121 1583 1235 1623 u1r1d1
1259 1571 1433 1636 membra
1459 1582 1532 1622 sub
1558 1583 1695 1632 arbuto

682 1702 684 1704 ,
755 1711 769 1715 Α
798 1657 969 1716 Stratus,
979 1669 1095 1719 nunc
1112 1657 1161 1709 ad
1187 1668 1309 1718 aquae
1336 1637 1423 1697 lene
1451 1655 1565 1707 caput
1591 1667 1733 1714 sacrae.

798 1731 942 1772 Multos
969 1714 1095 1772 castra
1117 1732 1251 1771 iuuant
1278 1732 1317 1770 et
1343 1731 1439 1770 lituo
1466 1730 1582 1769 tubae

798 1805 1020 1845 Permixtus
1046 1806 1193 1845 sonitus
1215 1805 1392 1854 bellaque
1419 1803 1602 1842 matribus

801 1909 1008 1948 Detestata.
1060 1908 1193 1947 Manet
1217 1909 1288 1962 sub
1315 1907 1406 1946 ioue
1432 1905 1570 1969 frigido
1596 1912 1669 1945 -’.·

317 2045 353 2086 Ο
380 2045 614 2097 praeclaram
643 2045 820 2084 carminis
848 2044 1031 2095 strophici
1059 2042 1247 2109 speciem!
1284 2035 1483 2091 Quattuor·
1505 2041 1719 2082 sententiae
1743 2051 1813 2091 per
1830 2042 2013 2091 quattuor
2029 2038 2204 2090 strophas
2229 2039 2282 2078 ita
2308 2036 2427 2089 expli·

176 2124 281 2161 eatae
308 2123 407 2168 sunt,
435 2122 478 2159 ut
504 2122 564 2158 ter
590 2120 630 2158 in
656 2120 821 2158 mediam
849 2120 1068 2168 stropham'
1075 2105 1250 2157 ciau'sula
1259 2105 1390 2161 cabaa
1401 2111 1545 2155 seme}
1558 2117 1707 2165 partem
1733 2115 1845 2164 primi
1871 2125 2008 2153 uersus
2026 2114 2207 2164 strophae
2228 2114 2427 2163 proximae

176 2196 357 2234 obtineat.
429 2193 699 2243 Aequabilitati
735 2193 971 2232 consuluisse
1008 2194 1161 2242 poetam
1195 2183 1390 2229 fatendum
1430 2193 1507 2236 est,
1551 2192 1592 2229 at
1632 2189 1797 2241 eundem
1836 2189 2012 2228 uarietati
2052 2189 2195 2227 bellum
2235 2187 2428 2226 indixisse.

176 2267 334 2315 Cetera,
369 2277 467 2318 quae
499 2266 714 2316 strophicae
742 2265 1014 2306 constructioni
1040 2276 1118 2321 ιιοιι
1144 2264 1268 2303 ιιιιιιιιθ
1301 2245 1573 2324 aduersantur,
1595 2254 1831 2310 omittimus.
1883 2261 1964 2302 Nec
1989 2262 2077 2301 libri
2103 2261 2171 2301 1111
2197 2272 2229 2300 c.
2255 2259 2337 2299 vin
2364 2269 2426 2298 re·

176 2341 373 2391 spicimus,
413 2341 455 2379 in
489 2350 586 2390 qu0,
624 2341 669 2378 ut
702 2338 915 2379 Meinekius
950 2337 1061 2385 illud,
1104 2318 1285 2387 quicquid
1316 2329 1400 2383 est,
1432 2326 1681 2387 stropharum
1717 2311 1988 2383 fabricaretur,
2022 2337 2101 2375 tres
2133 2344 2266 2374 uersus
2301 2332 2428 2372 eiecit.

177 2412 236 2452 De
263 2414 492 2453 carminibus
518 2413 820 2462 monostrophis,
849 2423 945 2461 quae
973 2423 1023 2450 ex
1045 2410 1290 2492 asciepiadeis
1319 2391 1545 2473 maioribus
1560 2396 1752 2455 constant,
1780 2410 1848 2447 uix
1876 2411 1952 2455 est,
1980 2408 2083 2458 quod
2108 2407 2308 2451 addamus,
2335 2416 2426 2444 cum

179 2487 302 2525 omnis
329 2487 470 2525 horum
496 2496 679 2525 uersuum
705 2487 841 2524 natura
868 2496 889 2523 a
917 2463 1207 2533 compositione
1228 2478 1435 2531 strophlca
1453 2465 1569 2531 qu'am
1604 2476 1771 2521 maxime
1807 2482 2016 2520 abhorrere
2051 2480 2235 2519 uideatur.
2288 2478 2429 2518 Paucis

178 2559 325 2597 animos
352 2559 560 2609 legentium
586 2559 634 2596 ad
661 2559 746 2596 libri
773 2559 789 2596 1
818 2569 850 2596 c.
876 2558 1017 2603 xvnl,
1052 2557 1156 2606 quod
1182 2556 1344 2594 sedecim
1372 2566 1510 2602 uersus
1546 2555 1960 2610 habet‚3adue1·timus.
2012 2553 2187 2601 Quorum
2213 2553 2330 2602 primi
2356 2564 2427 2591 sex

178 2640 255 2669 una
280 2633 466 2671 sententia
493 2631 742 2681 complentur,
771 2630 937 2670 secunda
963 2630 1149 2684 sententia
1176 2640 1199 2682 a
1215 2628 1392 2680 septimo
1414 2629 1463 2669 ad
1488 2603 1735 2682 undecimum
1753 2627 1929 2682 >medium
1955 2626 2139 2674 pertinet,
2164 2626 2280 2664 tertia
2307 2626 2427 2664 altera

178 2703 289 2752 parte
314 2715 450 2745 uersus
476 2703 688 2751 undecimi,
716 2703 944 2744 duodecimo
972 2705 1011 2743 et
1037 2702 1165 2753 priore
1190 2686 1299 2752 parte
1313 2686 1428 2753 ‚tertii
1455 2701 1593 2756 decimi
1619 2700 1833 2753 perficitun
1867 2699 1985 2739 altera
2011 2700 2123 2749 parte
2148 2697 2263 2739 huius
2291 2709 2428 2739 uersus

178 2777 217 2813 et
242 2776 363 2814 tribus
388 2777 592 2826 postremis
619 2777 752 2815 ultima
777 2776 964 2816 sententia
991 2775 1224 2826 continetur.r
1301 2816 1303 2818 ,

314 2918 467 2970 Restat,
509 2923 570 2971 ut,
614 2921 744 2974 quales
786 2921 861 2962 sint
901 2919 1080 2971 strophae
1113 2930 1135 2959 e
1171 2918 1376 2971 distrophis
1417 2918 1644 2960 carminibus
1687 2916 1987 2969 conglutinatae,
2029 2916 2138 2958 breui
2178 2926 2427 2967 exponamus.

179 2989 417 3031 Ordiendum
444 3004 466 3033 a
493 2996 623 3044 priore
651 3005 811 3046 genere,
847 2994 950 3044 quod
976 2993 1130 3044 proprie
1159 2993 1360 3043 ep'odicu'm
1387 2991 1616 3042 appellatum
1634 2992 1726 3037 'est‚·
1741 2991 1783 3031 in
1810 3002 1888 3042 quo
1914 2992 2003 3042 post
2030 2990 2243 3041 longiorem
2269 2999 2425 3028 uersum

177 3064 275 3103 alter
300 3065 461 3104 infertur
486 3067 653 3107 breuior.
705 3068 840 3117 Neque
870 3069 972 3106 enim
1000 3068 1175 3116 cuiquam
1203 3067 1360 3104 dubium
1388 3067 1453 3113 sitff,
1482 3065 1665 3114 qainfuis
1692 3067 1732 3103 et
1749 3067 1892 3104 matura
1919 3065 2031 3103 huius
2058 3064 2208 3103 distichi
2234 3063 2328 3101 haec
2363 3062 2424 3113 sit,

178 3139 222 3178 ut
245 3148 316 3189 per
342 3138 505 3180 alterum
531 3152 688 3182 uersum
715 3143 834 3194 priori
863 3142 970 3192 quasi
998 3141 1184 3193 quaedam
1198 3139 1379 3180 dausula
1406 3138 1615 3183 subiciatur
1643 3138 1693 3179 ob
1720 3142 1883 3189 eamque
1900 3149 2074 3178 caussam
2092 3137 2253 3187 cogitata
2272 3144 2428 3185 quoque
